@Misc{deller-2007,
  author = {A.~T. Deller and S.~J. Tingay and M. Bailes and C. West},
  title = {DiFX: A software correlator for very long baseline interferometry using  multi-processor computing environments},
  url = {http://www.citebase.org/abstract?id=oai:arXiv.org:astro-ph/0702141},
  year = {2007}
}

@Misc{szomoru-2004,
  author = {A. Szomoru and A. Biggs and M.~A. Garrett and H.~J. {van Langevelde} and F. Olnon and Z. Paragi and S. Parsley and S. Pogrebenko and C. Reynolds},
  title = {From truck to optical fibre: the coming-of-age of eVLBI},
  url = {http://www.citebase.org/abstract?id=oai:arXiv.org:astro-ph/0412686},
  year = {2004}
}

@PROCEEDINGS{VLBIbook,
   editor = {{Zensus}, J.~A. and {Diamond}, P.~J. and {Napier}, P.~J.},
    title = "{Very Long Baseline Interferometry and the VLBA}",
booktitle = {ASP Conf. Ser.  82: Very Long Baseline Interferometry and the VLBA},
     year = 1995,
   adsurl = {http://adsabs.harvard.edu/cgi-bin/nph-bib_query?bibcode=1995ASPC...82.....Z&db_key=AST},
  adsnote = {Provided by the Smithsonian/NASA Astrophysics Data System}
}

@ARTICLE{EVNCorrelator,
   author = {{Schilizzi}, R.~T. and {Aldrich}, W. and {Anderson}, B. and 
	{Bos}, A. and {Campbell}, R.~M. and {Canaris}, J. and {Cappallo}, R. and 
	{Casse}, J.~L. and {Cattani}, A. and {Goodman}, J. and {van Langevelde}, H.~J. and 
	{Maccafferri}, A. and {Millenaar}, R. and {Noble}, R.~G. and 
	{Olnon}, F. and {Parsley}, S.~M. and {Phillips}, C. and {Pogrebenko}, S.~V. and 
	{Smythe}, D. and {Szomoru}, A. and {Verkouter}, H. and {Whitney}, A.~R.
	},
    title = "{The EVN-MarkIV VLBI Data Processor}",
  journal = {Experimental Astronomy},
     year = 2001,
   volume = 12,
    pages = {49-67},
   adsurl = {http://adsabs.harvard.edu/cgi-bin/nph-bib_query?bibcode=2001ExA....12...49S&db_key=AST},
  adsnote = {Provided by the Smithsonian/NASA Astrophysics Data System}
}

@Misc{EXPReS,
  key = {EXPReS},
  note = {EXPReS project website \url{http://expres-eu.org}}
}

@Misc{EVN,
  key = {EVN},
  note = {EVN website - \url{http://www.evlbi.org}}
}

@Article{Gropp:1996:HPI, 
  author = "W. Gropp and E. Lusk and N. Doss and A. Skjellum", 
  title = "A high-performance, portable implementation of the {MPI} message passing interface standard",
  journal = "Parallel Computing",
  volume = "22",
  number = "6",
  pages = "789--828",
  month = sep,
  year = "1996" } 

@Article{FFTW05,
  author = 	 {Frigo, Matteo and Johnson, Steven~G.},
  title = 	 {The Design and Implementation of {FFTW3}},
  journal = 	 {Proceedings of the IEEE},
  year = 	 2005,
  volume =	 93,
  number =	 2,
  pages =	 {216--231},
  note =	 {special issue on "Program Generation, Optimization, and Platform Adaptation"}
}


@Article{grosso-starplane2008,
  author = 	 {Paola Grosso and Damien Marchal and Jason Maasen and Eric Bernier and Carol Meertens and Li Xu and Cees de Laat},
  title = 	 {Dynamic Photonic Lighpaths in the StarPlane Network},
  journal = 	 {accepted for publication in fgcs08},
  year = 	 2008,
  volume =	 xxx,
  number =	 xxx,
  pages =	 {xxx--xxx}
}


@Misc{def_correlation,
  key = {def_correlation},
  note = {Definition of the correlation function - \url{http://en.wikipedia.org/wiki/Cross-correlation}}
}

@Misc{das3,
  key = {das3},
  note = {Distributed ASCI Supercomputer - \url{http://www.cs.vu.nl/das3/}}
}

@Book{GSL,
  author = {M. Galassi et al},
  title = {GNU Scientific Library Reference Manual (2nd Ed.)}
  isbn = {ISBN 0954161734}
}